<record><leader>00000cas a2200000 a 4500</leader><controlfield tag="001">11172698</controlfield><controlfield tag="008">840919d18831885ksuwr ne      0   a0eng d</controlfield><controlfield tag="009">3789</controlfield><datafield ind1=" " ind2=" " tag="010"><subfield code="a">sn 84029513 </subfield></datafield><datafield ind1=" " ind2=" " tag="040"><subfield code="a">KSH</subfield><subfield code="b">eng</subfield><subfield code="c">KSH</subfield><subfield code="d">NPT</subfield><subfield code="d">OCL</subfield></datafield><datafield ind1=" " ind2=" " tag="042"><subfield code="a">msc</subfield></datafield><datafield ind1="0" ind2="4" tag="245"><subfield code="a">The Baldwin criterion.</subfield></datafield><datafield ind1=" " ind2=" " tag="260"><subfield code="a">Baldwin, Kan. :</subfield><subfield code="b">L.A. Sheward,</subfield><subfield code="c">1883-1885.</subfield></datafield><datafield ind1=" " ind2=" " tag="300"><subfield code="a">2 v. ;</subfield><subfield code="c">50-60 cm.</subfield></datafield><datafield ind1=" " ind2=" " tag="310"><subfield code="a">Weekly</subfield></datafield><datafield ind1="0" ind2=" " tag="362"><subfield code="a">Vol. 1, no. 1 (Nov. 29, 1883)-v. 2, no. 22 (Apr. 23, 1885).</subfield></datafield><datafield ind1=" " ind2=" " tag="500"><subfield code="a">Published by: John Brady &amp; Son, Mar. 26-Apr. 2, 1885; Brady &amp; Bristow, Apr. 9-Apr. 23, 1885.</subfield></datafield><datafield ind1=" " ind2=" " tag="500"><subfield code="a">"Independent Republican."</subfield></datafield><datafield ind1=" " ind2=" " tag="525"><subfield code="a">Has occasional supplements.</subfield></datafield><datafield ind1=" " ind2=" " tag="752"><subfield code="a">United States</subfield><subfield code="b">Kansas</subfield><subfield code="c">Douglas</subfield><subfield code="d">Baldwin.</subfield></datafield><datafield ind1="0" ind2="0" tag="785"><subfield code="t">Baldwin ledger</subfield><subfield code="w">(DLC)sn 84029548</subfield></datafield></record>